@article{pappas2018learning,
  title={E-learning for deaf adults from a user-centered perspective},
  author={Pappas, Marios A and Demertzi, Eleftheria and Papagerasimou, Yannis and Koukianakis, Lefteris and Kouremenos, Dimitris and Loukidis, Ioannis and Drigas, Athanasios S},
  journal={Education Sciences},
  volume={8},
  number={4},
  pages={206},
  year={2018},
  publisher={Multidisciplinary Digital Publishing Institute}
}
@article{bavelier2006deaf,
  title={Do deaf individuals see better?},
  author={Bavelier, Daphne and Dye, Matthew WG and Hauser, Peter C},
  journal={Trends in cognitive sciences},
  volume={10},
  number={11},
  pages={512--518},
  year={2006},
  publisher={Elsevier}
}
@article{dominguez2010reading,
  title={Reading mechanisms in orally educated deaf adults},
  author={Dom{\'\i}nguez, Ana-Bel{\'e}n and Alegria, Jesus},
  journal={Journal of deaf studies and deaf education},
  volume={15},
  number={2},
  pages={136--148},
  year={2010},
  publisher={Oxford University Press}
}
% zdroj na webe
@misc{WWWC,
title = "World Wide Web Consortium",
howpublished = "\url{https://cs.wikipedia.org/wiki/World_Wide_Web_Consortium}",
year = "2019 (cit. November 5,2020)",
}
@misc{mytyafakty,
author = "Vojtechovský, Roman ",
title = "Kurz slovenskeho posunkoveho jazyka: Mýty a fakty",
howpublished = "\url{http://myslim.sk/index.php/kurz-slovenskeho-posunkoveho-jazyka/myty-a-fakty}",
year = "2005 (cit. November 6,2020)"
}